%YAML 1.1
%TAG !u! tag:unity3d.com,2011:
--- !u!1 &7695910230464790105
GameObject:
  m_ObjectHideFlags: 0
  m_CorrespondingSourceObject: {fileID: 0}
  m_PrefabInstance: {fileID: 0}
  m_PrefabAsset: {fileID: 0}
  serializedVersion: 6
  m_Component:
  - component: {fileID: 7115237449846500496}
  - component: {fileID: 3641712994096189842}
  - component: {fileID: 8799728349260911920}
  - component: {fileID: 8421782149811157681}
  - component: {fileID: 3060741902370666721}
  - component: {fileID: 6525912671502202542}
  - component: {fileID: 1951909063462034814}
  m_Layer: 0
  m_Name: Ship
  m_TagString: Untagged
  m_Icon: {fileID: 0}
  m_NavMeshLayer: 0
  m_StaticEditorFlags: 0
  m_IsActive: 1
--- !u!4 &7115237449846500496
Transform:
  m_ObjectHideFlags: 0
  m_CorrespondingSourceObject: {fileID: 0}
  m_PrefabInstance: {fileID: 0}
  m_PrefabAsset: {fileID: 0}
  m_GameObject: {fileID: 7695910230464790105}
  m_LocalRotation: {x: 0, y: 0, z: 0, w: 1}
  m_LocalPosition: {x: 2.1304016, y: 0.4017067, z: 2.2700548}
  m_LocalScale: {x: 1, y: 1, z: 1}
  m_Children: []
  m_Father: {fileID: 0}
  m_RootOrder: 0
  m_LocalEulerAnglesHint: {x: 0, y: 0, z: 0}
--- !u!114 &3641712994096189842
MonoBehaviour:
  m_ObjectHideFlags: 0
  m_CorrespondingSourceObject: {fileID: 0}
  m_PrefabInstance: {fileID: 0}
  m_PrefabAsset: {fileID: 0}
  m_GameObject: {fileID: 7695910230464790105}
  m_Enabled: 1
  m_EditorHideFlags: 0
  m_Script: {fileID: 11500000, guid: 5bf10cdea1344482e91a4f2b58506b77, type: 3}
  m_Name: 
  m_EditorClassIdentifier: 
--- !u!114 &8799728349260911920
MonoBehaviour:
  m_ObjectHideFlags: 0
  m_CorrespondingSourceObject: {fileID: 0}
  m_PrefabInstance: {fileID: 0}
  m_PrefabAsset: {fileID: 0}
  m_GameObject: {fileID: 7695910230464790105}
  m_Enabled: 1
  m_EditorHideFlags: 0
  m_Script: {fileID: 11500000, guid: 0af0db853e732453799566a0e597993c, type: 3}
  m_Name: 
  m_EditorClassIdentifier: 
  m_SerializedData:
    Value:
      x: 0
      y: 0
      z: 0
--- !u!114 &8421782149811157681
MonoBehaviour:
  m_ObjectHideFlags: 0
  m_CorrespondingSourceObject: {fileID: 0}
  m_PrefabInstance: {fileID: 0}
  m_PrefabAsset: {fileID: 0}
  m_GameObject: {fileID: 7695910230464790105}
  m_Enabled: 1
  m_EditorHideFlags: 0
  m_Script: {fileID: 11500000, guid: 345a91954f2ba4779ae83b4fcf75bef6, type: 3}
  m_Name: 
  m_EditorClassIdentifier: 
  m_SerializedData:
    Value:
      value:
        x: 0
        y: 0
        z: 0
        w: 1
--- !u!114 &3060741902370666721
MonoBehaviour:
  m_ObjectHideFlags: 0
  m_CorrespondingSourceObject: {fileID: 0}
  m_PrefabInstance: {fileID: 0}
  m_PrefabAsset: {fileID: 0}
  m_GameObject: {fileID: 7695910230464790105}
  m_Enabled: 1
  m_EditorHideFlags: 0
  m_Script: {fileID: 11500000, guid: 14f71aab298a4484eb7588a08926c575, type: 3}
  m_Name: 
  m_EditorClassIdentifier: 
--- !u!114 &6525912671502202542
MonoBehaviour:
  m_ObjectHideFlags: 0
  m_CorrespondingSourceObject: {fileID: 0}
  m_PrefabInstance: {fileID: 0}
  m_PrefabAsset: {fileID: 0}
  m_GameObject: {fileID: 7695910230464790105}
  m_Enabled: 1
  m_EditorHideFlags: 0
  m_Script: {fileID: 11500000, guid: 9b0fd4427893a4a16ba0c267dfd00217, type: 3}
  m_Name: 
  m_EditorClassIdentifier: 
  m_SerializedData:
    mesh: {fileID: 10202, guid: 0000000000000000e000000000000000, type: 0}
    material: {fileID: 2100000, guid: e60cc9d79ba517346ae24dfb27b22649, type: 2}
    subMesh: 0
    castShadows: 0
    receiveShadows: 0
--- !u!114 &1951909063462034814
MonoBehaviour:
  m_ObjectHideFlags: 0
  m_CorrespondingSourceObject: {fileID: 0}
  m_PrefabInstance: {fileID: 0}
  m_PrefabAsset: {fileID: 0}
  m_GameObject: {fileID: 7695910230464790105}
  m_Enabled: 1
  m_EditorHideFlags: 0
  m_Script: {fileID: 11500000, guid: 1060dcfa4c8484da9a56580361de6f9f, type: 3}
  m_Name: 
  m_EditorClassIdentifier: 
  m_SerializedData:
    Value:
      x: 0.3
      y: 0.3
      z: 0.3
